@ARTICLE{CDLOD,
    AUTHOR="Filip Strugar",
    TITLE="Continuous Distance-Dependent Level of Detail for 
Rendering Heightmaps",
    YEAR="2010",
}
@ARTICLE{RMTCLDC,
    AUTHOR="Thatcher Ulrich",
    TITLE="Rendering Massive Terrains using Chunked Level of Detail Control",
    YEAR="2002",
}
@ARTICLE{GPU,
    AUTHOR="Arul Asirvatham",
    AUTHOR="Hugues Hoppe",
    TITLE="Terrain Rendering Using GPU-Based Geometry Clipmaps",
    HOWPUBLISHED = "\url{http://hhoppe.com/gpugcm.pdf}",
    NOTE = "Accédé en Janvier 2018"
}
@ARTICLE{nav,
    AUTHOR="MICHAEL LEE",
    AUTHOR="HANAN SAMET",
    TITLE="Navigating through Triangle Meshes Implemented as Linear Quadtrees",
    YEAR="2000",
}